@ARTICLE{2024NatAs...8.1429C,
       author = {{Cassanelli}, Tomas and {Leung}, Calvin and {Sanghavi}, Pranav and {Mena-Parra}, Juan and {Cary}, Savannah and {Mckinven}, Ryan and {Bhardwaj}, Mohit and {Masui}, Kiyoshi W. and {Michilli}, Daniele and {Bandura}, Kevin and {Chatterjee}, Shami and {Peterson}, Jeffrey B. and {Kaczmarek}, Jane and {Rahman}, Mubdi and {Shin}, Kaitlyn and {Vanderlinde}, Keith and {Berger}, Sabrina and {Brar}, Charanjot and {Boyle}, P.~J. and {Breitman}, Daniela and {Chawla}, Pragya and {Curtin}, Alice P. and {Dobbs}, Matt and {Dong}, Fengqiu Adam and {Fonseca}, Emmanuel and {Gaensler}, B.~M. and {Ibik}, Adaeze and {Kaspi}, Victoria M. and {Khairy}, Kholoud and {Lanman}, Adam E. and {Lazda}, Mattias and {Lin}, Hsiu-Hsien and {Luo}, Jing and {Meyers}, Bradley W. and {Milutinovic}, Nikola and {Ng}, Cherry and {Noble}, Gavin and {Pearlman}, Aaron B. and {Pen}, Ue-Li and {Petroff}, Emily and {Pleunis}, Ziggy and {Quine}, Brendan and {Rafiei-Ravandi}, Masoud and {Renard}, Andre and {Sand}, Ketan R. and {Schoen}, Eve and {Scholz}, Paul and {Smith}, Kendrick M. and {Stairs}, Ingrid and {Tendulkar}, Shriharsh P.},
        title = "{A fast radio burst localized at detection to an edge-on galaxy using very-long-baseline interferometry}",
      journal = {Nature Astronomy},
     keywords = {Astrophysics - High Energy Astrophysical Phenomena, Astrophysics - Instrumentation and Methods for Astrophysics},
         year = 2024,
        month = nov,
       volume = {8},
        pages = {1429-1442},
          doi = {10.1038/s41550-024-02357-x},
archivePrefix = {arXiv},
       eprint = {2307.09502},
 primaryClass = {astro-ph.HE},
       adsurl = {https://ui.adsabs.harvard.edu/abs/2024NatAs...8.1429C},
      adsnote = {Provided by the SAO/NASA Astrophysics Data System}
}

@BOOK{1965ftia.book.....B,
       author = {{Bracewell}, Ron},
        title = "{The Fourier Transform and its applications}",
         year = 1965,
       adsurl = {https://ui.adsabs.harvard.edu/abs/1965ftia.book.....B},
      adsnote = {Provided by the SAO/NASA Astrophysics Data System}
}

@BOOK{1984texb.book.....K,
       author = {{Knuth}, Donald E.},
        title = "{The TEXbook}",
         year = 1984,
       adsurl = {https://ui.adsabs.harvard.edu/abs/1984texb.book.....K},
      adsnote = {Provided by the SAO/NASA Astrophysics Data System}
}

@BOOK{1994ldps.book.....L,
       author = {{Lamport}, Leslie},
        title = "{LATEX. A document preparation system. User's Guide and Reference Manual}",
         year = 1994,
       adsurl = {https://ui.adsabs.harvard.edu/abs/1994ldps.book.....L},
      adsnote = {Provided by the SAO/NASA Astrophysics Data System}
}

@BOOK{stLaurent2004opensource,
    author={St. Laurent, Andrew M.},
    title={Understanding Open Source and Free Software Licensing},
    year=2004,
    publisher = {O'Reilly},
}
